<record><leader>00000cas a22000007a 4500</leader><controlfield tag="001">17553221</controlfield><controlfield tag="008">880227d19601981iauwr ne      0    0eng d</controlfield><datafield ind1=" " ind2=" " tag="010"><subfield code="a">sn 88059327 </subfield></datafield><datafield ind1=" " ind2=" " tag="040"><subfield code="a">INP</subfield><subfield code="b">eng</subfield><subfield code="c">INP</subfield><subfield code="d">OCLCQ</subfield></datafield><datafield ind1=" " ind2=" " tag="042"><subfield code="a">msc</subfield></datafield><datafield ind1="0" ind2=" " tag="130"><subfield code="a">Chronicle (Brooklyn, Iowa)</subfield></datafield><datafield ind1="1" ind2="4" tag="245"><subfield code="a">The chronicle.</subfield></datafield><datafield ind1="3" ind2="0" tag="246"><subfield code="a">Brooklyn-Guernsey-Malcom-Hartwick chronicle</subfield></datafield><datafield ind1="1" ind2="3" tag="246"><subfield code="a">Brooklyn chronicle</subfield></datafield><datafield ind1=" " ind2=" " tag="260"><subfield code="a">[Brooklyn, Iowa] :</subfield><subfield code="b">Chronicle Print Co.</subfield></datafield><datafield ind1=" " ind2=" " tag="300"><subfield code="a">v.</subfield></datafield><datafield ind1=" " ind2=" " tag="310"><subfield code="a">Weekly</subfield></datafield><datafield ind1="0" ind2=" " tag="362"><subfield code="a">Dec. 8, 1960-</subfield></datafield><datafield ind1="1" ind2=" " tag="362"><subfield code="a">Ceased in 1981.</subfield></datafield><datafield ind1=" " ind2=" " tag="500"><subfield code="a">"Brooklyn-Guernsey-Malcom-Hartwick" appears above masthead.</subfield></datafield><datafield ind1=" " ind2=" " tag="500"><subfield code="a">Includes sections called: Guernsey gazette, &lt;Nov. 1965-1966&gt;; Malcom mirror, &lt;Nov. 1965-1966&gt;; Hartwick herald, &lt;Nov. 1965-1966&gt;.</subfield></datafield><datafield ind1=" " ind2=" " tag="515"><subfield code="a">Issues lack numbering, Dec. 8-22, 1960; numbering begins with v. 86, no. 31 (Dec. 29, 1960).</subfield></datafield><datafield ind1=" " ind2=" " tag="752"><subfield code="a">United States</subfield><subfield code="b">Iowa</subfield><subfield code="c">Poweshiek</subfield><subfield code="d">Brooklyn.</subfield></datafield><datafield ind1=" " ind2=" " tag="752"><subfield code="a">United States</subfield><subfield code="b">Iowa</subfield><subfield code="c">Poweshiek</subfield><subfield code="d">Guernsey.</subfield></datafield><datafield ind1=" " ind2=" " tag="752"><subfield code="a">United States</subfield><subfield code="b">Iowa</subfield><subfield code="c">Poweshiek</subfield><subfield code="d">Malcom.</subfield></datafield><datafield ind1=" " ind2=" " tag="752"><subfield code="a">United States</subfield><subfield code="b">Iowa</subfield><subfield code="c">Poweshiek</subfield><subfield code="d">Hartwick.</subfield></datafield><datafield ind1="0" ind2="0" tag="780"><subfield code="t">Brooklyn chronicle (Brooklyn, Iowa : 1875)</subfield><subfield code="w">(DLC)sn 84038063</subfield></datafield><datafield ind1="0" ind2="0" tag="785"><subfield code="t">Brooklyn paper chronicle</subfield><subfield code="w">(DLC)sn 88059328</subfield></datafield><datafield ind1="1" ind2=" " tag="787"><subfield code="a">Guernsey gazette</subfield></datafield><datafield ind1="1" ind2=" " tag="787"><subfield code="a">Malcom mirror</subfield></datafield><datafield ind1="1" ind2=" " tag="787"><subfield code="a">Hartwick herald</subfield></datafield></record>